@INPROCEEDINGS{4538384,
author={Yuen, C. and Oudalov, A.},
booktitle={Power Tech, 2007 IEEE Lausanne}, title={The Feasibility and Profitability of Ancillary Services Provision from Multi-MicroGrids},
year={2007},
month={july},
volume={},
number={},
pages={598 -603},
keywords={ancillary services market;ancillary services provision;distribution network;energy demand;energy markets;intentional islanded mode;multimicrogrids;petrol shortage;renewable energy supplies;small coordinated generation units;distributed power generation;distribution networks;power markets;},
doi={10.1109/PCT.2007.4538384},
ISSN={},}

@ARTICLE{5357331,
author={Farhangi, H.},
journal={Power and Energy Magazine, IEEE}, title={The path of the smart grid},
year={2010},
month={january-february },
volume={8},
number={1},
pages={18 -28},
keywords={business processes;electrical power industry;energy cost;mass electrification;smart grid;electricity supply industry;power grids;},
doi={10.1109/MPE.2009.934876},
ISSN={1540-7977},}

@INPROCEEDINGS{4523385,
author={Tsoukalas, L.H. and Gao, R.},
booktitle={Electric Utility Deregulation and Restructuring and Power Technologies, 2008. DRPT 2008. Third International Conference on}, title={From smart grids to an energy internet: Assumptions, architectures and requirements},
year={2008},
month={april},
volume={},
number={},
pages={94 -98},
keywords={data packets;delivery infrastructure;energy Internet;energy flows;self healing capabilities;smart grids;Internet;power engineering computing;power grids;},
doi={10.1109/DRPT.2008.4523385},
ISSN={},}

@ARTICLE{1705631, 
author={Blaabjerg, F. and Teodorescu, R. and Liserre, M. and Timbus, A.V.}, 
journal={Industrial Electronics, IEEE Transactions on}, title={Overview of Control and Grid Synchronization for Distributed Power Generation Systems}, 
year={2006}, 
month={oct. }, 
volume={53}, 
number={5}, 
pages={1398 -1409}, 
keywords={Denmark;Germany;Japan;USA;distributed power generation;fault treatment;fuel cell;grid synchronization;grid-side converter;islanding protection;low-order harmonics compensation;photovoltaics;power quality;renewable energy sources;safety;wind turbines;distributed power generation;power distribution control;power distribution faults;power distribution protection;power grids;power supply quality;power system harmonics;safety;synchronisation;}, 
doi={10.1109/TIE.2006.881997}, 
ISSN={0278-0046},}